@article{Metzger:2010pp,
      author         = "Metzger, B.D. and Giannios, D. and Thompson, T.A. and
                        Bucciantini, N. and Quataert, E.",
      title          = "{The Proto-Magnetar Model for Gamma-Ray Bursts}",
      year           = "2010",
      journal        = "MNRAS",
      volume         = "413",
      pages          = "2031-2056",
      eprint         = "1012.0001",
      archivePrefix  = "arXiv",
      primaryClass   = "astro-ph.HE",
      SLACcitation   = "%%CITATION = ARXIV:1012.0001;%%",
}

@ARTICLE{Kouv:1993ap,
   author = "Kouveliotou, C. and Meegan, C.A. and Fishman, G.J. and 
	Bhat, N.P. and Briggs, M.S. and Koshut, T.M. and Paciesas, W.S. and 
	Pendleton, G.N.",
    title = "{Identification of two classes of gamma-ray bursts}",
  journal = "Astrophys. J",
     year = "1993",
   volume = "413",
    pages = "L101-L104",
}

@article{Bucciantini:2007hy,
      author         = "Bucciantini, N. and Quataert, E. and Arons, J. and
                        Metzger, B.D. and Thompson, Todd A.",
      title          = "{Relativistic Jets and Long-Duration Gamma-ray Bursts
                        from the Birth of Magnetars}",
      year           = "2007",
      eprint         = "0707.2100",
      archivePrefix  = "arXiv",
      journal        = "Astrophys. J",
      primaryClass   = "astro-ph",
      SLACcitation   = "%%CITATION = ARXIV:0707.2100;%%",
}

@article{Uzdensky:2006wj,
      author         = "Uzdensky, Dmitri A. and MacFadyen, Andrew I.",
      title          = "{Magnetar-Driven Magnetic Tower as a Model for Gamma-Ray
                        Bursts and Asymmetric Supernovae}",
      journal        = "Astrophys.J.",
      year           = "2006",
      eprint         = "astro-ph/0609047",
      archivePrefix  = "arXiv",
      primaryClass   = "astro-ph",
      SLACcitation   = "%%CITATION = ASTRO-PH/0609047;%%",
}

@ARTICLE{Dessart:2012ap},
   author = "Dessart, L. and O'Connor, E. and Ott, C.D.",
    title = "{The Arduous Journey to Black Hole Formation in Potential Gamma-Ray Burst Progenitors}",
  journal = "Astrophys. J",
archivePrefix = "arXiv",
   eprint = {1203.1926},
     year = "2012",
   volume = "754",
    pages = "76",
}


@article{Soderberg:2006vh,
      author         = "Soderberg, Alicia M. and Kulkarni, S.R. and Nakar, E. and
                        Berger, E. and Fox, Derek B. and others",
      title          = "{Relativistic ejecta from X-ray flash XRF 060218 and the
                        rate of cosmic explosions}",
      journal        = "Nature",
      volume         = "442",
      pages          = "1014-1017",
      doi            = "10.1038/nature05087",
      year           = "2006",
      eprint         = "astro-ph/0604389",
      archivePrefix  = "arXiv",
      primaryClass   = "astro-ph",
      SLACcitation   = "%%CITATION = ASTRO-PH/0604389;%%",
}

@article{Guetta:2006gq,
      author         = "Guetta, Dafne and Della Valle, Massimo",
      title          = "{On the Rates of Gamma Ray Bursts and Type Ib/c
                        Supernovae}",
      journal        = "Astrophys.J.",
      volume         = "657",
      pages          = "L73-L76",
      doi            = "10.1086/511417",
      year           = "2007",
      eprint         = "astro-ph/0612194",
      archivePrefix  = "arXiv",
      primaryClass   = "astro-ph",
      SLACcitation   = "%%CITATION = ASTRO-PH/0612194;%%",
}

@article{Bernardini:2013nfa,
      author         = "Bernardini, Maria Grazia and Campana, Sergio and
                        Ghisellini, Gabriele and D'Avanzo, Paolo and Burlon,
                        Davide and others",
      title          = "{How to switch on and off a Gamma-ray burst through a
                        magnetar}",
      doi            = "10.1088/0004-637X/775/1/67",
      year           = "2013",
      journal        ="Astrophys. J",
      eprint         = "1306.0013",
      archivePrefix  = "arXiv",
      primaryClass   = "astro-ph.HE",
      SLACcitation   = "%%CITATION = ARXIV:1306.0013;%%",
}

@ARTICLE{Woosley:1993ap,
   author = "Woosley, S.E.",
    title = "{Gamma-ray bursts from stellar mass accretion disks around black holes}",
  journal = "Astrophys. J",
    year = "1993",
      volume = "405",
    pages = "273-277",
}

@article{Gaensler:2005qk,
      author         = "Gaensler, Bryan M. and McClure-Griffiths, N.M. and Oey,
                        M.S. and Haverkorn, M. and Dickey, J.M. and others",
      title          = "{A Stellar wind bubble coincident with the anomalous
                        x-ray pulsar 1E 1048.1-5937: Are magnetars formed from
                        massive progenitors?}",
      journal        = "Astrophys.J.",
      volume         = "620",
      pages          = "L95-L98",
      doi            = "10.1086/428725",
      year           = "2005",
      eprint         = "astro-ph/0501563",
      archivePrefix  = "arXiv",
      primaryClass   = "astro-ph",
      SLACcitation   = "%%CITATION = ASTRO-PH/0501563;%%",
}

@book{Rosswog:2007ap,
      author = "Rosswog, Stephan, and Bruggen, Marcus",
	title = "Introduction to High-Energy Astrophysics",
	year = "2007",
	publisher = "Cambridge University Press",
	address ="Cambridge, UK",
}

@article{Meszaros:2006rc,
      author         = "Meszaros, Peter",
      title          = "{Gamma-Ray Bursts}",
      journal        = "Rept.Prog.Phys.",
      volume         = "69",
      pages          = "2259-2322",
      doi            = "10.1088/0034-4885/69/8/R01",
      year           = "2006",
      eprint         = "astro-ph/0605208",
      archivePrefix  = "arXiv",
      primaryClass   = "astro-ph",
      SLACcitation   = "%%CITATION = ASTRO-PH/0605208;%%",
}

@article{Piro:2011ed,
      author         = "Piro, Anthony L. and Ott, Christian D.",
      title          = "{Supernova Fallback onto Magnetars and Propeller-Powered
                        Supernovae}",
      journal        = "Astrophys.J.",
      volume         = "736",
      pages          = "108",
      doi            = "10.1088/0004-637X/736/2/108",
      year           = "2011",
      eprint         = "1104.0252",
      archivePrefix  = "arXiv",
      primaryClass   = "astro-ph.HE",
      SLACcitation   = "%%CITATION = ARXIV:1104.0252;%%",
}

@article{Cacciapaglia:2002qr,
      author         = "Cacciapaglia, G. and Cirelli, M. and Lin, Y. and
                        Romanino, A.",
      title          = "{Bulk neutrinos and core collapse supernovae}",
      journal        = "Phys.Rev.",
      volume         = "D67",
      pages          = "053001",
      doi            = "10.1103/PhysRevD.67.053001",
      year           = "2003",
      eprint         = "hep-ph/0209063",
      archivePrefix  = "arXiv",
      primaryClass   = "hep-ph",
      SLACcitation   = "%%CITATION = HEP-PH/0209063;%%",
}


@article{MacFadyen:1999mk,
      author         = "MacFadyen, A.I. and Woosley, S.E. and Heger, A.",
      title          = "{Supernovae, jets, and collapsars}",
      journal        = "Astrophys.J.",
      volume         = "550",
      pages          = "410",
      doi            = "10.1086/319698",
      year           = "2001",
      eprint         = "astro-ph/9910034",
      archivePrefix  = "arXiv",
      primaryClass   = "astro-ph",
      SLACcitation   = "%%CITATION = ASTRO-PH/9910034;%%",
}

@article{Spitkovsky:2006np,
      author         = "Spitkovsky, Anatoly",
      title          = "{Time-dependent force-free pulsar magnetospheres:
                        axisymmetric and oblique rotators}",
      journal        = "Astrophys.J.",
      volume         = "648",
      pages          = "L51-L54",
      doi            = "10.1086/507518",
      year           = "2006",
      eprint         = "astro-ph/0603147",
      archivePrefix  = "arXiv",
      primaryClass   = "astro-ph",
      reportNumber   = "SLAC-PUB-11736",
      SLACcitation   = "%%CITATION = ASTRO-PH/0603147;%%",
}

@article{Zhang:2007nw,
      author         = "Zhang, Wei-Qun and Woosley, S.E. and Heger, A.",
      title          = "{Fallback and Black Hole Production in Massive Stars}",
      journal        = "Astrophys.J.",
      year           = "2007",
      eprint         = "astro-ph/0701083",
      archivePrefix  = "arXiv",
      primaryClass   = "astro-ph",
      reportNumber   = "SLAC-PUB-12276, LA-UR-06-8688",
      SLACcitation   = "%%CITATION = ASTRO-PH/0701083;%%",
}

@article{Lyons:2009ka,
      author         = "Lyons, N. and O'Brien, P.T. and Zhang, B. and Willingale,
                        R. and Troja, E. and others",
      title          = "{Can X-Ray Emission Powered by a Spinning-Down Magnetar
                        Explain Some GRB Light Curve Features?}",
      year           = "2009",	
      journal        = "MNRAS",
      month          = "dec",
      volume         = "409",
      pages          = "531-540",
      eprint         = "0908.3798",
      archivePrefix  = "arXiv",
      primaryClass   = "astro-ph.HE",
      SLACcitation   = "%%CITATION = ARXIV:0908.3798;%%",
}

@article{Woosley:2006fn,
      author         = "Woosley, S.E. and Bloom, J.S.",
      title          = "{The Supernova Gamma-Ray Burst Connection}",
      journal        = "Ann.Rev.Astron.Astrophys.",
      volume         = "44",
      pages          = "507-556",
      doi            = "10.1146/annurev.astro.43.072103.150558",
      year           = "2006",
      eprint         = "astro-ph/0609142",
      archivePrefix  = "arXiv",
      primaryClass   = "astro-ph",
      reportNumber   = "UCSC-ASTRO-2006-1",
      SLACcitation   = "%%CITATION = ASTRO-PH/0609142;%%",
}

@article{Kaplan:2013wra,
      author         = "Kaplan, J.D. and Ott, C.D. and O'Connor, E.P. and Kiuchi,
                        K. and Roberts, L. and others",
      title          = "{The Influence of Thermal Pressure on Hypermassive
                        Neutron Star Merger Remnants}",
      journal        = "arXiv e-print" ,    
      year 	     = "2013" ,
      eprint         = "1306.4034",
      archivePrefix  = "arXiv",
      primaryClass   = "astro-ph.HE",
      SLACcitation   = "%%CITATION = ARXIV:1306.4034;%%",
}

@ARTICLE{Lattimer:2001ap,
   author = "Lattimer, J.M. and Prakash, M.",
    title = "{Neutron Star Structure and the Equation of State}",
  journal = "Astrophys.J.",
   eprint = "astro-ph/0002232",
 keywords = "Equation of State, Stars: Interiors, Stars: Neutron",
     year = "2001",
    volume = "550",
    pages = "426-442",
}


@ARTICLE{QianWoos:1996ap,
   author = "Qian, Y.Z. and Woosley, S.E.",
    title = "{Nucleosynthesis in Neutrino-driven Winds. I. The Physical Conditions}",
  journal = "Astrophys.J.",
   eprint = "astro-ph/9611094",
     year = "1996",
   volume = "471",
    pages = "331",
}
